@INPROCEEDINGS{a1, 
author={N. {Niu} and A. {Mahmoud}}, 
booktitle={2012 20th IEEE International Requirements Engineering Conference (RE)}, 
title={Enhancing candidate link generation for requirements tracing: The cluster hypothesis revisited}, 
year={2012}, 
volume={}, 
number={}, 
pages={81-90}, 
keywords={formal verification;information retrieval;program diagnostics;public domain software;candidate link generation;cluster hypothesis;requirements tracing tools;information retrieval methods;false positives;requirements tracing process;incorrect links;correct links;low-quality clusters;open-source datasets;baseline pruning strategy;Clustering algorithms;Humans;Algorithm design and analysis;Software;Gold;Context;Software algorithms;traceability;requirements tracing;clustering}, 
doi={10.1109/RE.2012.6345842}, 
ISSN={2332-6441}, 
month={Sep.},}

@INPROCEEDINGS{a2, 
author={G. {Bavota} and L. {Colangelo} and A. {De Lucia} and S. {Fusco} and R. {Oliveto} and A. {Panichella}}, 
booktitle={2012 28th IEEE International Conference on Software Maintenance (ICSM)}, 
title={TraceME: Traceability Management in Eclipse}, 
year={2012}, 
volume={}, 
number={}, 
pages={642-645}, 
keywords={object-oriented programming;program diagnostics;software maintenance;software management;software reusability;TraceME;traceability management;Eclipse plug-in;traceability link capture;traceability link maintenance;traceability recovery highlights;software development;software artifacts;program comprehension;software maintenance;impact analysis;code component reusability;Engines;Visualization;XML;Software maintenance;Information retrieval;Large scale integration;Traceability Management;Information Retrieval}, 
doi={10.1109/ICSM.2012.6405343}, 
ISSN={1063-6773}, 
month={Sep.},}

@INPROCEEDINGS{a3, 
author={K. {Mahmood} and H. {Takahashi} and M. {Alobaidi}}, 
booktitle={2015 IEEE Twelfth International Symposium on Autonomous Decentralized Systems}, 
title={A Semantic Approach for Traceability Link Recovery in Aerospace Requirements Management System}, 
year={2015}, 
volume={}, 
number={}, 
pages={217-222}, 
keywords={aerospace computing;aerospace industry;knowledge based systems;natural language processing;product development;semantic Web;semantic approach;aerospace requirements management system;production development;requirements artifacts;risk reduction;semantic based traceability link recovery architecture;STLR architecture;DBpedia knowledge-base;Bablenet 2.5 multilingual dictionary;recovery traceability links;triple extraction;triple disambiguation algorithm;natural language processing;semantic Web;Semantics;Natural language processing;Encyclopedias;Electronic publishing;Internet;Accuracy;Semantic Web;NLP;Bablenet;GATE;DBpedia;Document Similarity}, 
doi={10.1109/ISADS.2015.33}, 
ISSN={1541-0056}, 
month={March},}

@INPROCEEDINGS{a4, 
author={M. {Rahimi} and W. {Goss} and J. {Cleland-Huang}}, 
booktitle={2016 IEEE International Conference on Software Maintenance and Evolution (ICSME)}, 
title={Evolving Requirements-to-Code Trace Links across Versions of a Software System}, 
year={2016}, 
volume={}, 
number={}, 
pages={99-109}, 
keywords={formal specification;formal verification;information retrieval;program diagnostics;public domain software;software tools;source code (software);systems analysis;requirements-to-code trace link;software system version;software engineering;source code;upstream artifact;trace link evolver;TLE;open source tool;information retrieval;traceability;Feature extraction;Crawlers;Conferences;Software systems;Computer science;Traceability;Evolution;Maintenance}, 
doi={10.1109/ICSME.2016.57}, 
ISSN={}, 
month={Oct},}

@article{a5,
  title={Tackling the term-mismatch problem in automated trace retrieval},
  author={Guo, Jin and Gibiec, Marek and Cleland-Huang, Jane},
  journal={Empirical Software Engineering},
  volume={22},
  number={3},
  pages={1103--1142},
  year={2017},
  publisher={Springer}
}
 
 
@inproceedings{a6,
  title={Recovering transitive traceability links among software artifacts},
  author={Nishikawa, Kazuki and Washizaki, Hironori and Fukazawa, Yoshiaki and Oshima, Keishi and Mibe, Ryota},
  booktitle={2015 IEEE International Conference on Software Maintenance and Evolution (ICSME)},
  pages={576--580},
  year={2015},
  organization={IEEE}
}
 
@INPROCEEDINGS{a7, 
author={K. C. {Youm} and J. {Ahn} and J. {Kim} and E. {Lee}}, 
booktitle={2015 Asia-Pacific Software Engineering Conference (APSEC)}, 
title={Bug Localization Based on Code Change Histories and Bug Reports}, 
year={2015}, 
volume={}, 
number={}, 
pages={190-197}, 
keywords={data mining;fault location;information retrieval;program debugging;program diagnostics;public domain software;software fault tolerance;software maintenance;text analysis;AmaLgam;BRTracer;BLUiR;BugLocator;ZXing;SWT;AspectJ;open source projects;source files;text utilization;stack traces;IR-based bug localization;BLIA;data mining;information retrieval;version field;status field;description field;summary field;software maintenance;fault location;bug reports;source code change histories;automatic bug localization;History;Computer bugs;Information retrieval;Software maintenance;Indexes;Data mining;bug localization;fault localization;information retrieval;bug report;stack traces;code change history}, 
doi={10.1109/APSEC.2015.23}, 
ISSN={1530-1362}, 
month={Dec},}

@article{a8,
  title={Recovering traceability links between code and documentation},
  author={Antoniol, Giuliano and Canfora, Gerardo and Casazza, Gerardo and De Lucia, Andrea and Merlo, Ettore},
  journal={IEEE transactions on software engineering},
  volume={28},
  number={10},
  pages={970--983},
  year={2002},
  publisher={IEEE}
}
@article{a9,
  title={Recovering traceability links in software artifact management systems using information retrieval methods},
  author={Lucia, Andrea De and Fasano, Fausto and Oliveto, Rocco and Tortora, Genoveffa},
  journal={ACM Transactions on Software Engineering and Methodology (TOSEM)},
  volume={16},
  number={4},
  pages={13},
  year={2007},
  publisher={ACM}
}

@inproceedings{a10,
 author = {Mills, Chris and Haiduc, Sonia},
 title = {A Machine Learning Approach for Determining the Validity of Traceability Links},
 booktitle = {Proceedings of the 39th International Conference on Software Engineering Companion},
 series = {ICSE-C '17},
 year = {2017},
 isbn = {978-1-5386-1589-8},
 location = {Buenos Aires, Argentina},
 pages = {121--123},
 numpages = {3},
 url = {https://doi.org/10.1109/ICSE-C.2017.86},
 doi = {10.1109/ICSE-C.2017.86},
 acmid = {3098384},
 publisher = {IEEE Press},
 address = {Piscataway, NJ, USA},
 keywords = {classification, supervised machine learning, text retrieval, traceability},
} 

@inproceedings{a11,
  title={Getting more from requirements traceability: Requirements testing progress},
  author={Ziftci, Celal and Kr{\"u}ger, Ingolf},
  booktitle={2013 7th International Workshop on Traceability in Emerging Forms of Software Engineering (TEFSE)},
  pages={12--18},
  year={2013},
  organization={IEEE}
}

@article{a12,
  title={REquirements TRacing On target (RETRO): improving software maintenance through traceability recovery},
  author={Hayes, Jane Huffman and Dekhtyar, Alex and Sundaram, Senthil Karthikeyan and Holbrook, E Ashlee and Vadlamudi, Sravanthi and April, Alain},
  journal={Innovations in Systems and Software Engineering},
  volume={3},
  number={3},
  pages={193--202},
  year={2007},
  publisher={Springer}
}


@inproceedings{a13,
 author = {De Lucia, Andrea and Oliveto, Rocco and Tortora, Genoveffa},
 title = {Adams Re-trace: Traceability Link Recovery via Latent Semantic Indexing},
 booktitle = {Proceedings of the 30th International Conference on Software Engineering},
 series = {ICSE '08},
 year = {2008},
 isbn = {978-1-60558-079-1},
 location = {Leipzig, Germany},
 pages = {839--842},
 numpages = {4},
 url = {http://doi.acm.org/10.1145/1368088.1368216},
 doi = {10.1145/1368088.1368216},
 acmid = {1368216},
 publisher = {ACM},
 address = {New York, NY, USA},
 keywords = {ir-based traceability recovery, latent semantic indexing},
} 

@INPROCEEDINGS{a14, 
author={J. {Cleland-Huang} and R. {Habrat}}, 
booktitle={Second International Workshop on Requirements Engineering Visualization (REV 2007)}, 
title={Visual Support In Automated Tracing}, 
year={2007}, 
volume={}, 
number={}, 
pages={4-4}, 
keywords={system monitoring;systems analysis;visual support;automated tracing;software artifacts;bland textual format;visualization techniques;Ice Breaker System;Information retrieval;Frequency estimation;Maintenance engineering;Displays;Visualization;Ice;Software engineering;Software testing;Software standards;Government}, 
doi={10.1109/REV.2007.7}, 
ISSN={}, 
month={Oct},}

@INPROCEEDINGS{a15, 
author={X. {Chen} and J. {Hosking} and J. {Grundy}}, 
booktitle={2012 IEEE Symposium on Visual Languages and Human-Centric Computing (VL/HCC)}, 
title={Visualizing traceability links between source code and documentation}, 
year={2012}, 
volume={}, 
number={}, 
pages={119-126}, 
keywords={program diagnostics;software maintenance;system documentation;trees (mathematics);traceability link visualization;source code;documentation;software artifact;scalability issue;visual clutter issue;treemap;hierarchical tree visualization technique;global structure;traceability link comprehension;traceability link browsing;traceability link maintenance;Visualization;Color;Clutter;Data visualization;Software systems;Layout;Software traceability;Traceability visualization;Treemap;Hierarchical tree}, 
doi={10.1109/VLHCC.2012.6344496}, 
ISSN={1943-6106}, 
month={Sep.},}


@INPROCEEDINGS{a16, 
author={A. {Panichella} and C. {McMillan} and E. {Moritz} and D. {Palmieri} and R. {Oliveto} and D. {Poshyvanyk} and A. {De Lucia}}, 
booktitle={2013 17th European Conference on Software Maintenance and Reengineering}, 
title={When and How Using Structural Information to Improve IR-Based Traceability Recovery}, 
year={2013}, 
volume={}, 
number={}, 
pages={199-208}, 
keywords={information retrieval;pattern classification;program diagnostics;structural information;information retrieval-based traceability recovery;automated traceability recovery;textual similarity;software artifact;source code;candidate link classification;Software;Vectors;Accuracy;Medical services;Context;Indexes;Educational institutions;Traceability Link Recovery;Empirical studies}, 
doi={10.1109/CSMR.2013.29}, 
ISSN={1534-5351}, 
month={March},}

@INPROCEEDINGS{a17, 
author={T. {Merten} and D. {Jüppner} and A. {Delater}}, 
booktitle={2011 4th International Workshop on Managing Requirements Knowledge}, 
title={Improved representation of traceability links in requirements engineering knowledge using Sunburst and Netmap visualizations}, 
year={2011}, 
volume={}, 
number={}, 
pages={17-21}, 
keywords={data visualisation;formal specification;formal verification;knowledge representation;systems analysis;tree data structures;traceability links;requirements engineering knowledge;Sunburst visualizations;Netmap visualizations;requirements artifacts;software engineering;traceability information;traceability matrices;tree structures;Redmine project management platform;Visualization;Data visualization;Layout;Navigation;Structural rings;Data models;Knowledge engineering;visualization;requirements;artifacts;knowledge-management}, 
doi={10.1109/MARK.2011.6046557}, 
ISSN={}, 
month={Aug},}

@inproceedings{a18,
  title={Traceclipse: an eclipse plug-in for traceability link recovery and management},
  author={Klock, Samuel and Gethers, Malcom and Dit, Bogdan and Poshyvanyk, Denys},
  booktitle={Proceedings of the 6th international workshop on traceability in emerging forms of software engineering},
  pages={24--30},
  year={2011},
  organization={ACM}
}

@inproceedings{a19,
  title={When and how to visualize traceability links?},
  author={Marcus, Andrian and Xie, Xinrong and Poshyvanyk, Denys},
  booktitle={Proceedings of the 3rd international workshop on Traceability in emerging forms of software engineering},
  pages={56--61},
  year={2005},
  organization={ACM}
}

@inproceedings{a20,
  title={Implementing traceability repositories as graph databases for software quality improvement},
  author={Elamin, Randa and Osman, Rasha},
  booktitle={2018 IEEE International Conference on Software Quality, Reliability and Security (QRS)},
  pages={269--276},
  year={2018},
  organization={IEEE}
}

@incollection{a21,
  title={Information retrieval methods for automated traceability recovery},
  author={De Lucia, Andrea and Marcus, Andrian and Oliveto, Rocco and Poshyvanyk, Denys},
  booktitle={Software and systems traceability},
  pages={71--98},
  year={2012},
  publisher={Springer}
}